<?xml version="1.0" encoding="UTF-8"?><collection xmlns="http://www.loc.gov/MARC21/slim"><record><leader>00393nam--2200121-i-4500</leader><controlfield tag="001">000047893</controlfield><controlfield tag="002">20161230</controlfield><controlfield tag="005">20161230201046</controlfield><controlfield tag="008">060222s1000------------r-----000-0-eng-d</controlfield><datafield ind1=" " ind2=" " tag="100"><subfield code="a">Wollenberger H</subfield></datafield><datafield ind1=" " ind2=" " tag="245"><subfield code="a">The energy distributions of primary atoms in copper produced by fast mono-energetic and reactor neutrons</subfield></datafield><datafield ind1=" " ind2=" " tag="260"><subfield code="a">Julich, Inst.Fur Reaktorwerkstoffe, 1963. 5 P. + 4 Fig</subfield></datafield><datafield ind1=" " ind2=" " tag="852"><subfield code="a">1645</subfield></datafield></record></collection>